
@INPROCEEDINGS{5284958,
  author={L. {Martinez} and R. M. {Rodriguez} and M. {Espinilla}},
  booktitle={2009 IEEE/WIC/ACM International Joint Conference on Web Intelligence and Intelligent Agent Technology}, 
  title={REJA: A Georeferenced Hybrid Recommender System for Restaurants}, 
  year={2009},
  volume={3},
  number={},
  pages={187-190},
  doi={10.1109/WI-IAT.2009.259}
}

@article{dara2020survey,
  title={A survey on group recommender systems},
  author={Dara, Sriharsha and Chowdary, C Ravindranath and Kumar, Chintoo},
  journal={Journal of Intelligent Information Systems},
  volume={54},
  number={2},
  pages={271--295},
  year={2020},
  publisher={Springer}
}

@article{vall2019feature,
  title={Feature-combination hybrid recommender systems for automated music playlist continuation},
  author={Vall, Andreu and Dorfer, Matthias and Eghbal-Zadeh, Hamid and Schedl, Markus and Burjorjee, Keki and Widmer, Gerhard},
  journal={User Modeling and User-Adapted Interaction},
  volume={29},
  number={2},
  pages={527--572},
  year={2019},
  publisher={Springer}
}
